@book{司守奎2011数学建模算法与应用,
  author={司守奎 and 孙玺菁},
  title={数学建模算法与应用},
  address={北京},
  publisher={国防工业出版社},
  year={2011},
}
@book{卓金武2011MATLAB,
  author={卓金武},
  title={MATLAB在数学建模中的应用},
  address={北京},
  publisher={北京航空航天大学出版社},
  year={2011},
}

@article{deb2014evolutionary,
  author={Deb, Kalyanmoy and Jain, Himanshu},
  title={An evolutionary many-objective optimization algorithm using reference-point-based nondominated sorting approach, part I: solving problems with box constraints},
  journal={IEEE Transactions on Evolutionary Computation},
  volume={18},
  number={4},
  pages={577--601},
  year={2014},
  publisher={IEEE}
}

@book{faltinsen1993sea,
  author={Faltinsen, Odd M},
  title={Sea loads on ships and offshore structures},
  publisher={Cambridge University Press},
  year={1993},
  address={Cambridge}
}

@article{悬链线理论2010,
  author={王晓峰 and 唐友刚},
  title={深海系泊系统悬链线理论及其应用},
  journal={海洋工程},
  volume={28},
  number={3},
  pages={87--94},
  year={2010}
}

@article{多目标优化2018,
  author={张青富 and 刘全 and 朱斐},
  title={基于NSGA-III的多目标优化算法研究综述},
  journal={计算机学报},
  volume={41},
  number={12},
  pages={2658--2683},
  year={2018}
}

@article{系泊系统2015,
  author={肖越 and 王建华 and 唐文勇},
  title={浮式海洋结构物系泊系统设计研究进展},
  journal={船舶工程},
  volume={37},
  number={8},
  pages={1--8},
  year={2015}
}